@article{BrPV10:doi:10.5194/essd-2-247-2010,author={A~M~ Le Brocq and A~J~ Payne and A~ Vieli},title={{An improved Antarctic dataset for high resolution numerical ice sheet models (ALBMAP v1)}},journal={Earth System Science Data},year={2010},volume={2},pages={247},doi={10.5194/essd-2-247-2010}}
@article{FPVB13:doi:10.5194/tc-7-375-2013,author={P~ Fretwell and others},title={{Bedmap2: improved ice bed, surface and thickness datasets for Antarctica}},journal={The Cryosphere},year={2013},volume={7},pages={375},doi={10.5194/tc-7-375-2013}}
@article{RiMS11:doi:10.1126/science.1208336,author={E~ Rignot and J~ Mouginot and B~ Scheuchl},title={{Ice Flow of the Antarctic Ice Sheet}},journal={Science},year={2011},volume={333},pages={1427},doi={10.1126/science.1208336}}
